<?xml version="1.0" encoding="UTF-8"?><record xmlns="http://www.loc.gov/MARC21/slim" xmlns:cinclude="http://apache.org/cocoon/include/1.0" xmlns:zs="http://www.loc.gov/zing/srw/">
  <leader>00520cz  a2200145n  4500</leader>
  <controlfield tag="001">n  98044497 </controlfield>
  <controlfield tag="003">DLC</controlfield>
  <controlfield tag="005">20001128071046.0</controlfield>
  <controlfield tag="008">980513n| acannaabn          |a aaa      </controlfield>
  <datafield tag="010" ind1=" " ind2=" ">
    <subfield code="a">n  98044497 </subfield>
  </datafield>
  <datafield tag="035" ind1=" " ind2=" ">
    <subfield code="a">(OCoLC)oca04728960</subfield>
  </datafield>
  <datafield tag="040" ind1=" " ind2=" ">
    <subfield code="a">DLC</subfield>
    <subfield code="b">eng</subfield>
    <subfield code="c">DLC</subfield>
    <subfield code="d">OCoLC</subfield>
  </datafield>
  <datafield tag="100" ind1="1" ind2=" ">
    <subfield code="a">Cruz Figueroa, Gilberto,</subfield>
    <subfield code="d">1938-</subfield>
  </datafield>
  <datafield tag="400" ind1="1" ind2=" ">
    <subfield code="a">Figueroa, Gilberto Cruz,</subfield>
    <subfield code="d">1938-</subfield>
  </datafield>
  <datafield tag="670" ind1=" " ind2=" ">
    <subfield code="a">Ay bendito!--Alsebio, 1998:</subfield>
    <subfield code="b">t.p. (Gilberto Cruz Figueroa) p. 4 of cover (b. Feb. 20, 1938 in Cayey, P.R.; founder of Revista de la Academia de la PoliciĚa)</subfield>
  </datafield>
</record>